@BOOK{Pedrycz2007,
  author =       "Pedrycz, W. and Gomide, F.",
  title =        "Fuzzy Systems Engineering",
  publisher =    "Wiley",
  year =         "2007",
  file = F
}

@BOOK{Choras2007,
  author =       " Choras, R.",
  title =        "{Komputerowa Wizja, Metody interpretacji i identyfikacji obiektow. (in Polish)}",
  publisher =    "EXIT",
  year =         "2007",
  file = F
}


@INCOLLECTION{segmentacja,
 author = "Hildebrand, Lars and Reusch, Bernd",
 chapter = "Fuzzy color Processing",
 editor = "Nachtegael, Mike and Kerre, Etienne E.",
 title = "Fuzzy techniques in image processing",
 vol="52",
 year = "2000",
 publisher = "Physica-Verlag Heidelberg",
 series = "Studies in Fuzziness and Soft Computing",
 pages =        {267-285}
}

@INCOLLECTION{basir2003,
  AUTHOR =       {Basir, Otoman and Zhu, Hongwei and Karray, Fakhiri},
  editor =       {Nachtegael, Mike and Van der Weken, Dietrich and Van De Ville, Dimitri and Kerre, Etienne E.},
  TITLE =        {Fuzzy filters for image processing},
  chapter =      {Fuzzy Based Image Segmentation},
  PUBLISHER =    {Springer-Verlag},
  YEAR =         {2003},
  volume =       {122},
  pages=         {101-128},
  series =       {Studies in Fuzzines and Soft Computing},
}


@ARTICLE{Zadeh1965,
  AUTHOR =       {Zadeh, Lotfi},
  TITLE =        {Fuzzy sets},
  JOURNAL =      {Information and Control},
  YEAR =         {1965},
  volume =       {8},
  pages =        {338-353}
}

@MISC{Drozdowski,
  author = {Drozdowski, Maciej},
  title = {Jak pisaæ prace dyplomowe - uwagi o formie},
  year = {2010},
  howpublished={\url{http://www.cs.put.poznan.pl/mdrozdowski/dyd/txt/jak_mgr.html}}
}

@MISC{Krolikowski,
  author = {Królikowski, Zbyszko},
  title = {Jak pisac prace dyplomowa ? Uwagi o formie. Zasady redakcji pracy dyplomowej.},
  year = {2010},
  howpublished={\url{http://www.cs.put.poznan.pl/pawelw/semdyp/forma.pdf}}
}
